<record><leader>00000cas a22000007a 4500</leader><controlfield tag="001">15144563</controlfield><controlfield tag="008">870203d19821983txuwr ne      0    0eng d</controlfield><datafield ind1=" " ind2=" " tag="010"><subfield code="a">sn 86090674 </subfield></datafield><datafield ind1=" " ind2=" " tag="040"><subfield code="a">PPM</subfield><subfield code="b">eng</subfield><subfield code="c">PPM</subfield><subfield code="d">OCLCQ</subfield></datafield><datafield ind1=" " ind2=" " tag="042"><subfield code="a">msc</subfield></datafield><datafield ind1="0" ind2="4" tag="245"><subfield code="a">The Shallowater review.</subfield></datafield><datafield ind1=" " ind2=" " tag="260"><subfield code="a">Shallowater, Tex. :</subfield><subfield code="b">Keith Tooley,</subfield><subfield code="c">1982-1983.</subfield></datafield><datafield ind1=" " ind2=" " tag="310"><subfield code="a">Weekly</subfield></datafield><datafield ind1="0" ind2=" " tag="362"><subfield code="a">Vol. 1, no. 1 (Mar. 4, 1982)-v. 2, no. 15 (June 6, 1983).</subfield></datafield><datafield ind1=" " ind2=" " tag="752"><subfield code="a">United States</subfield><subfield code="b">Texas</subfield><subfield code="c">Lubbock</subfield><subfield code="d">Shallowater.</subfield></datafield></record>